\begin{filecontents}{references.bib}
@online{FairRoot,
  year = {2018},
  title = {FairRoot github},
  url = {https://github.com/FairRootGroup/FairRoot},
}
\end{filecontents}
